<record><leader>00961cam a2200277 a 4500</leader><controlfield tag="001">1001086</controlfield><controlfield tag="008">880407s1985    mx       b        p|spa d</controlfield><datafield ind1=" " ind2=" " tag="010"><subfield code="z">   85598177</subfield></datafield><datafield ind1=" " ind2=" " tag="020"><subfield code="a">9681618882</subfield></datafield><datafield ind1=" " ind2=" " tag="035"><subfield code="a">ocm12645156</subfield></datafield><datafield ind1=" " ind2=" " tag="040"><subfield code="b">eng</subfield></datafield><datafield ind1=" " ind2=" " tag="049"><subfield code="a">AEU</subfield><subfield code="b">eng</subfield></datafield><datafield ind1=" " ind2="4" tag="050"><subfield code="a">PQ7297.C2596</subfield><subfield code="b">M44 1985</subfield></datafield><datafield ind1="0" ind2=" " tag="090"><subfield code="a">PQ 7297 C34 M489 1985</subfield></datafield><datafield ind1="1" ind2=" " tag="100"><subfield code="a">Castellanos, Rosario.</subfield></datafield><datafield ind1="1" ind2="0" tag="245"><subfield code="a">Meditaci&#243;n en el umbral :</subfield><subfield code="b">antolog&#237;a po&#233;tica /</subfield><subfield code="c">Rosario Castellanos ; compilador, Juli&#225;n Palley ; pr&#243;logo de Elena Poniatowska.</subfield></datafield><datafield ind1=" " ind2=" " tag="250"><subfield code="a">1a ed.</subfield></datafield><datafield ind1=" " ind2=" " tag="260"><subfield code="a">M&#233;xico :</subfield><subfield code="b">Fondo de Cultura Econ&#243;mica,</subfield><subfield code="c">1985.</subfield></datafield><datafield ind1=" " ind2=" " tag="300"><subfield code="a">231 p. ;</subfield><subfield code="c">17 cm.</subfield></datafield><datafield ind1=" " ind2=" " tag="336"><subfield code="a">text</subfield><subfield code="b">txt</subfield><subfield code="2">rdacontent</subfield></datafield><datafield ind1=" " ind2=" " tag="337"><subfield code="a">unmediated</subfield><subfield code="b">n</subfield><subfield code="2">rdamedia</subfield></datafield><datafield ind1=" " ind2=" " tag="338"><subfield code="a">volume</subfield><subfield code="b">nc</subfield><subfield code="2">rdacarrier</subfield></datafield><datafield ind1="0" ind2=" " tag="490"><subfield code="a">Colecci&#243;n popular ;</subfield><subfield code="v">297</subfield></datafield><datafield ind1=" " ind2=" " tag="504"><subfield code="a">Bibliography: p. 220-225.</subfield></datafield><datafield ind1=" " ind2=" " tag="596"><subfield code="a">43</subfield></datafield><datafield ind1=" " ind2=" " tag="926"><subfield code="a">PQ 7297 C34 M489 1985</subfield><subfield code="w">LC</subfield><subfield code="c">1</subfield><subfield code="i">000024062762</subfield><subfield code="d">4/6/2005</subfield><subfield code="e">3/30/2005</subfield><subfield code="l">ON_SHELF</subfield><subfield code="m">UAHSS</subfield><subfield code="n">2</subfield><subfield code="p">$150.00</subfield><subfield code="r">Y</subfield><subfield code="s">Y</subfield><subfield code="t">BOOK</subfield><subfield code="u">4/8/1988</subfield></datafield></record>